@article{einstein1916,
  title={Die Grundlage der allgemeinen Relativit{\"a}tstheorie},
  author={Einstein, Albert},
  journal={Annalen der Physik},
  volume={49},
  number={7},
  pages={769--822},
  year={1916},
  publisher={Wiley Online Library}
}

@article{abbott2016observation,
  title={Observation of gravitational waves from a binary black hole merger},
  author={Abbott, Benjamin P and Abbott, Richard and Abbott, TD and Abernathy, MR and Acernese, Fausto and Ackley, Kendall and Adams, Carl and Adams, Thomas and Addesso, Paolo and Adhikari, RX and others},
  journal={Physical review letters},
  volume={116},
  number={6},
  pages={061102},
  year={2016},
  publisher={APS}
}

@article{abbott2021gwtc3,
  title={GWTC-3: Compact binary coalescences observed by LIGO and Virgo during the second part of the third observing run},
  author={Abbott, Rich and Abbott, TD and Acernese, Fausto and Ackley, Kendall and Adams, Carl and Adhikari, Rana X and Adya, Vaishali B and Affeldt, Christoph and Agarwal, Deepali and Agathos, Michalis and others},
  journal={Physical Review X},
  volume={11},
  number={2},
  pages={021053},
  year={2021},
  publisher={APS}
}

@article{usman2016pycbc,
  title={The PyCBC search for gravitational waves from compact binary coalescence},
  author={Usman, Samantha A and Nitz, Alexander H and Harry, Ian W and Biwer, Christopher M and Brown, Duncan A and Cabero, Miriam and Capano, Collin D and Dal Canton, Tito and Dent, Thomas and Fairhurst, Stephen and others},
  journal={Classical and Quantum Gravity},
  volume={33},
  number={21},
  pages={215004},
  year={2016},
  publisher={IOP Publishing}
}

@article{messick2017analysis,
  title={Analysis framework for the prompt discovery of compact binary mergers in gravitational-wave data},
  author={Messick, Cody and Blackburn, Kent and Brady, Patrick and Brockill, Patrick and Cannon, Kipp and Cariou, Romain and Caudill, Sarah and Chamberlin, Sydney J and Creighton, Jolien DE and Everett, Ryan and others},
  journal={Physical Review D},
  volume={95},
  number={4},
  pages={042001},
  year={2017},
  publisher={APS}
}

@article{cain2017methods,
  title={Methods for reducing false alarms in searches for compact binary coalescences in LIGO data},
  author={Cain, Jericho E and others},
  journal={Classical and Quantum Gravity},
  volume={34},
  number={15},
  pages={154001},
  year={2017},
  publisher={IOP Publishing}
}

@article{george2018deep,
  title={Deep learning for real-time gravitational wave detection and parameter estimation: Results with Advanced LIGO data},
  author={George, Daniel and Huerta, EA},
  journal={Physics Letters B},
  volume={778},
  pages={64--70},
  year={2018},
  publisher={Elsevier}
}

@article{gabbard2018matching,
  title={Matching matched filtering with deep networks for gravitational-wave astronomy},
  author={Gabbard, Hunter and Williams, Michael and Hayes, Fergus and Messenger, Chris},
  journal={Physical review letters},
  volume={120},
  number={14},
  pages={141103},
  year={2018},
  publisher={APS}
}

@article{schafer2020training,
  title={Training strategies for deep learning gravitational-wave searches},
  author={Sch{\"a}fer, Marlin B and Ohme, Frank and Nitz, Alexander H},
  journal={Physical Review D},
  volume={102},
  number={6},
  pages={063015},
  year={2020},
  publisher={APS}
}

@article{green2020gravitational,
  title={Gravitational-wave parameter estimation with autoregressive neural network flows},
  author={Green, Stephen R and Simpson, Christine and Gair, Jonathan},
  journal={Physical Review D},
  volume={102},
  number={10},
  pages={104057},
  year={2020},
  publisher={APS}
}

@article{chatterji2004multiresolution,
  title={Multiresolution techniques for the detection of gravitational-wave bursts},
  author={Chatterji, Shourov and Blackburn, Lindy and Martin, Gabriela and Katsavounidis, Erik},
  journal={Classical and Quantum Gravity},
  volume={21},
  number={20},
  pages={S1809},
  year={2004},
  publisher={IOP Publishing}
}

@article{powell2015classification,
  title={Classification methods for noise transients in advanced gravitational-wave detectors},
  author={Powell, Jade and Trifir{\`o}, Daniele and Cuoco, Elena and Heng, Ik Siong and Cavagli{\`a}, Marco},
  journal={Classical and Quantum Gravity},
  volume={32},
  number={21},
  pages={215012},
  year={2015},
  publisher={IOP Publishing}
}

@article{hinton2006reducing,
  title={Reducing the dimensionality of data with neural networks},
  author={Hinton, Geoffrey E and Salakhutdinov, Ruslan R},
  journal={science},
  volume={313},
  number={5786},
  pages={504--507},
  year={2006},
  publisher={American Association for the Advancement of Science}
}

@article{hochreiter1997long,
  title={Long short-term memory},
  author={Hochreiter, Sepp and Schmidhuber, J{\"u}rgen},
  journal={Neural computation},
  volume={9},
  number={8},
  pages={1735--1780},
  year={1997},
  publisher={MIT Press}
}

@article{torres2024anomaly,
  title={Anomaly detection in gravitational wave data using variational autoencoders},
  author={Torres-Forn{\'e}, Alejandro and others},
  journal={arXiv preprint arXiv:2411.19450},
  year={2024}
}

@article{lopez2022deep,
  title={Deep recurrent autoencoders for gravitational wave detection},
  author={L{\'o}pez, Miguel and others},
  journal={Machine Learning: Science and Technology},
  volume={3},
  number={2},
  pages={025435},
  year={2022},
  publisher={IOP Publishing}
}
